<?xml version="1.0" encoding="UTF-8"?><collection xmlns="http://www.loc.gov/MARC21/slim"><record><leader>00556nam--2200181-i-4500</leader><controlfield tag="001">000009407</controlfield><controlfield tag="002">20161230</controlfield><controlfield tag="005">20161230201028</controlfield><controlfield tag="008">060222s1000------------r-----000-0-fre-d</controlfield><datafield ind1=" " ind2=" " tag="040"><subfield code="a">IFIN-HH</subfield></datafield><datafield ind1=" " ind2=" " tag="041"><subfield code="a">fre</subfield></datafield><datafield ind1=" " ind2=" " tag="080"><subfield code="a">539.126.333</subfield></datafield><datafield ind1="1" ind2=" " tag="100"><subfield code="a">Buhler-broglin, Manfred</subfield></datafield><datafield ind1="1" ind2="0" tag="245"><subfield code="a">Mesure de la polarisation du positon emis dans la desintegration du muon</subfield><subfield code="b">These</subfield><subfield code="c">Manfred buhler-broglin</subfield></datafield><datafield ind1=" " ind2=" " tag="260"><subfield code="a">Strasbourg</subfield><subfield code="b">Faculte Des Sciences De L'Universite De Strasbourg</subfield><subfield code="c">1968</subfield></datafield><datafield ind1=" " ind2=" " tag="300"><subfield code="a">110 P</subfield></datafield><datafield ind1=" " ind2=" " tag="852"><subfield code="a">33549</subfield><subfield code="c">539.12</subfield></datafield><datafield ind1=" " ind2=" " tag="CAT"><subfield code="a">Sys</subfield><subfield code="c">20111121</subfield><subfield code="h">121642</subfield></datafield></record></collection>